@article{good1953population,
  title={Question answering in restricted domains: An overview},
  author={Moll√° D, Vicedo J L},
  journal={Computational Linguistics},
  volume={33(1)},
  number={3-4},
  pages={41-61},
  year={2007},
  publisher={Biometrika Trust}
}

@article{Molla2007,
author = {Moll{\'{a}}, Diego and Vicedo, Jos{\'{e}} Luis},
doi = {10.1162/coli.2007.33.1.41},
file = {:Users/tanglr/Documents/bylw/paper/papers/coli{\%}2E2007{\%}2E33{\%}2E1{\%}2E41.pdf:pdf},
isbn = {0891-2017},
issn = {0891-2017},
journal = {Computational Linguistics},
number = {1},
pages = {41--61},
title = {{Question Answering in Restricted Domains: An Overview}},
volume = {33},
year = {2007}
}


